{
  "stock_id": "603259",
  "full_data": [
    {
      "报告期": "2025-09-30",
      "周期类型": "季报",
      "净资产收益率": "18.64%",
      "归属母公司股东的销售净利率": "36.75%",
      "资产周转率(次)": "0.38",
      "权益乘数": "1.36",
      "销售净利率": "37.15%",
      "归属母公司股东的净利润占比": "98.93%",
      "营业总收入": "3,285,671.65万",
      "平均总资产": "8,921,495.77万",
      "平均归属母公司股东的利益": "6,542,991.44万",
      "经营利润率": "46.35%",
      "考虑税负因素": "81.17%",
      "考虑利息负担": "98.75%",
      "归属母公司股东净利润": "1,207,551.30万",
      "净利润": "1,220,619.35万",
      "期末总资产": "9,460,613.54万",
      "期末归属母公司股东的利益": "7,094,812.04万",
      "EBIT": "1,522,772.04万",
      "利润总额": "1,503,706.84万",
      "期初总资产": "8,382,377.99万",
      "期初归属母公司股东的利益": "5,991,170.83万"
    },
    {
      "报告期": "2025-06-30",
      "周期类型": "中报",
      "净资产收益率": "14.44%",
      "归属母公司股东的销售净利率": "41.16%",
      "资产周转率(次)": "0.25",
      "权益乘数": "1.38",
      "销售净利率": "41.64%",
      "归属母公司股东的净利润占比": "98.85%",
      "营业总收入": "2,079,928.19万",
      "平均总资产": "8,416,793.40万",
      "平均归属母公司股东的利益": "6,112,204.55万",
      "经营利润率": "48.45%",
      "考虑税负因素": "87.41%",
      "考虑利息负担": "98.32%",
      "归属母公司股东净利润": "856,088.26万",
      "净利润": "866,034.81万",
      "期末总资产": "8,382,377.99万",
      "期末归属母公司股东的利益": "5,991,170.83万",
      "EBIT": "1,007,622.77万",
      "利润总额": "990,741.66万",
      "期初总资产": "8,451,208.81万",
      "期初归属母公司股东的利益": "6,233,238.28万"
    },
    {
      "报告期": "2025-03-31",
      "周期类型": "季报",
      "净资产收益率": "6.07%",
      "归属母公司股东的销售净利率": "38.03%",
      "资产周转率(次)": "0.12",
      "权益乘数": "1.36",
      "销售净利率": "38.48%",
      "归属母公司股东的净利润占比": "98.83%",
      "营业总收入": "965,459.53万",
      "平均总资产": "8,241,895.63万",
      "平均归属母公司股东的利益": "6,048,254.90万",
      "经营利润率": "45.07%",
      "考虑税负因素": "86.81%",
      "考虑利息负担": "98.35%",
      "归属母公司股东净利润": "367,196.10万",
      "净利润": "371,546.88万",
      "期末总资产": "8,451,208.81万",
      "期末归属母公司股东的利益": "6,233,238.28万",
      "EBIT": "435,150.19万",
      "利润总额": "427,989.36万",
      "期初总资产": "8,032,582.44万",
      "期初归属母公司股东的利益": "5,863,271.52万"
    },
    {
      "报告期": "2024-12-31",
      "周期类型": "年报",
      "净资产收益率": "16.62%",
      "归属母公司股东的销售净利率": "24.08%",
      "资产周转率(次)": "0.51",
      "权益乘数": "1.36",
      "销售净利率": "24.38%",
      "归属母公司股东的净利润占比": "98.77%",
      "营业总收入": "3,924,143.14万",
      "平均总资产": "7,728,203.21万",
      "平均归属母公司股东的利益": "5,690,313.14万",
      "经营利润率": "30.09%",
      "考虑税负因素": "82.91%",
      "考虑利息负担": "97.73%",
      "归属母公司股东净利润": "945,030.84万",
      "净利润": "956,773.95万",
      "期末总资产": "8,032,582.44万",
      "期末归属母公司股东的利益": "5,863,271.52万",
      "EBIT": "1,180,837.70万",
      "利润总额": "1,153,981.16万",
      "期初总资产": "7,423,823.99万",
      "期初归属母公司股东的利益": "5,517,354.77万"
    },
    {
      "报告期": "2024-09-30",
      "周期类型": "季报",
      "净资产收益率": "11.85%",
      "归属母公司股东的销售净利率": "23.58%",
      "资产周转率(次)": "0.37",
      "权益乘数": "1.35",
      "销售净利率": "23.83%",
      "归属母公司股东的净利润占比": "98.96%",
      "营业总收入": "2,770,200.23万",
      "平均总资产": "7,431,778.43万",
      "平均归属母公司股东的利益": "5,494,374.23万",
      "经营利润率": "28.13%",
      "考虑税负因素": "84.05%",
      "考虑利息负担": "100.80%",
      "归属母公司股东净利润": "653,293.47万",
      "净利润": "660,161.15万",
      "期末总资产": "7,423,823.99万",
      "期末归属母公司股东的利益": "5,517,354.77万",
      "EBIT": "779,232.65万",
      "利润总额": "785,429.61万",
      "期初总资产": "7,439,732.87万",
      "期初归属母公司股东的利益": "5,471,393.69万"
    },
    {
      "报告期": "2024-06-30",
      "周期类型": "中报",
      "净资产收益率": "7.72%",
      "归属母公司股东的销售净利率": "24.59%",
      "资产周转率(次)": "0.23",
      "权益乘数": "1.35",
      "销售净利率": "24.83%",
      "归属母公司股东的净利润占比": "99.04%",
      "营业总收入": "1,724,091.83万",
      "平均总资产": "7,466,858.82万",
      "平均归属母公司股东的利益": "5,517,671.23万",
      "经营利润率": "30.04%",
      "考虑税负因素": "84.78%",
      "考虑利息负担": "97.51%",
      "归属母公司股东净利润": "423,982.20万",
      "净利润": "428,084.57万",
      "期末总资产": "7,439,732.87万",
      "期末归属母公司股东的利益": "5,471,393.69万",
      "EBIT": "517,849.72万",
      "利润总额": "504,955.38万",
      "期初总资产": "7,493,984.77万",
      "期初归属母公司股东的利益": "5,563,948.77万"
    },
    {
      "报告期": "2024-03-31",
      "周期类型": "季报",
      "净资产收益率": "3.51%",
      "归属母公司股东的销售净利率": "24.33%",
      "资产周转率(次)": "0.11",
      "权益乘数": "1.34",
      "销售净利率": "24.54%",
      "归属母公司股东的净利润占比": "99.15%",
      "营业总收入": "798,193.42万",
      "平均总资产": "7,430,459.85万",
      "平均归属母公司股东的利益": "5,538,097.08万",
      "经营利润率": "23.47%",
      "考虑税负因素": "85.26%",
      "考虑利息负担": "122.66%",
      "归属母公司股东净利润": "194,221.07万",
      "净利润": "195,885.32万",
      "期末总资产": "7,493,984.77万",
      "期末归属母公司股东的利益": "5,563,948.77万",
      "EBIT": "187,303.23万",
      "利润总额": "229,739.41万",
      "期初总资产": "7,366,934.93万",
      "期初归属母公司股东的利益": "5,512,245.39万"
    },
    {
      "报告期": "2023-12-31",
      "周期类型": "年报",
      "净资产收益率": "18.89%",
      "归属母公司股东的销售净利率": "23.81%",
      "资产周转率(次)": "0.58",
      "权益乘数": "1.36",
      "销售净利率": "24.05%",
      "归属母公司股东的净利润占比": "99.04%",
      "营业总收入": "4,034,080.69万",
      "平均总资产": "7,271,431.53万",
      "平均归属母公司股东的利益": "5,335,455.36万",
      "经营利润率": "29.81%",
      "考虑税负因素": "81.98%",
      "考虑利息负担": "98.39%",
      "归属母公司股东净利润": "960,674.91万",
      "净利润": "970,026.00万",
      "期末总资产": "7,366,934.93万",
      "期末归属母公司股东的利益": "5,512,245.39万",
      "EBIT": "1,202,557.22万",
      "利润总额": "1,183,199.10万",
      "期初总资产": "7,175,928.12万",
      "期初归属母公司股东的利益": "5,158,665.33万"
    },
    {
      "报告期": "2023-09-30",
      "周期类型": "季报",
      "净资产收益率": "16.45%",
      "归属母公司股东的销售净利率": "27.34%",
      "资产周转率(次)": "0.43",
      "权益乘数": "1.39",
      "销售净利率": "27.58%",
      "归属母公司股东的净利润占比": "99.11%",
      "营业总收入": "2,954,132.61万",
      "平均总资产": "7,053,920.75万",
      "平均归属母公司股东的利益": "5,070,596.93万",
      "经营利润率": "30.90%",
      "考虑税负因素": "83.30%",
      "考虑利息负担": "107.16%",
      "归属母公司股东净利润": "807,640.72万",
      "净利润": "814,864.71万",
      "期末总资产": "7,175,928.12万",
      "期末归属母公司股东的利益": "5,158,665.33万",
      "EBIT": "912,851.68万",
      "利润总额": "978,196.63万",
      "期初总资产": "6,931,913.37万",
      "期初归属母公司股东的利益": "4,982,528.53万"
    },
    {
      "报告期": "2023-06-30",
      "周期类型": "中报",
      "净资产收益率": "11.02%",
      "归属母公司股东的销售净利率": "28.15%",
      "资产周转率(次)": "0.28",
      "权益乘数": "1.38",
      "销售净利率": "28.39%",
      "归属母公司股东的净利润占比": "99.18%",
      "营业总收入": "1,887,128.55万",
      "平均总资产": "6,875,361.12万",
      "平均归属母公司股东的利益": "4,965,008.40万",
      "经营利润率": "34.42%",
      "考虑税负因素": "83.76%",
      "考虑利息负担": "98.44%",
      "归属母公司股东净利润": "531,311.97万",
      "净利润": "535,689.62万",
      "期末总资产": "6,931,913.37万",
      "期末归属母公司股东的利益": "4,982,528.53万",
      "EBIT": "649,627.85万",
      "利润总额": "639,521.29万",
      "期初总资产": "6,818,808.86万",
      "期初归属母公司股东的利益": "4,947,488.26万"
    }
  ],
  "error": null
}