{
  "stock_id": "02367",
  "full_data": [
    {
      "报告期": "2025-06-30",
      "周期类型": "中报",
      "净资产收益率": "14.52",
      "销售净利率": "37.99",
      "归属母公司股东的销售净利率": "37.99",
      "总资产周转率": "0.28",
      "资产周转率(次)": "0.28",
      "权益乘数": "1.23",
      "总资产收益率": "12.23",
      "毛利率": "81.68",
      "营业利润率": "46.40",
      "经营利润率": "46.40%",
      "净利润": "",
      "营业总收入": "3112662000.00",
      "总资产": "11286255000.00",
      "股东权益": "9176877000.00",
      "每股收益": "1.14",
      "每股净资产": "",
      "每股经营现金流": "0.67",
      "归母净利润（亿元）": "11.82",
      "归属母公司股东净利润": "11.82",
      "归母净利润同比": "20.23",
      "归母净利润环比": "9.65",
      "考虑税负因素": "81.88%",
      "考虑利息负担": "100.00%",
      "税负因素": "81.88",
      "利息负担": "100.00",
      "净资产收益率(%)": "14.52",
      "销售净利率(%)": "37.99",
      "总资产周转率(次)": "0.28",
      "总资产收益率(%)": "12.23",
      "毛利率(%)": "81.68",
      "营业利润率(%)": "46.40",
      "归母净利润同比(%)": "20.23",
      "归母净利润环比(%)": "9.65",
      "税负因素(%)": "81.88",
      "利息负担(%)": "100.00",
      "date": "2025-06-30",
      "经营利润率(%)": "46.40"
    },
    {
      "报告期": "2024-12-31",
      "周期类型": "年报",
      "净资产收益率": "35.96",
      "销售净利率": "37.22",
      "归属母公司股东的销售净利率": "37.22",
      "总资产周转率": "0.69",
      "资产周转率(次)": "0.69",
      "权益乘数": "1.13",
      "总资产收益率": "31.70",
      "毛利率": "82.09",
      "营业利润率": "44.44",
      "经营利润率": "44.44%",
      "净利润": "",
      "营业总收入": "5538812000.00",
      "总资产": "8037958000.00",
      "股东权益": "7108212000.00",
      "每股收益": "2.10",
      "每股净资产": "",
      "每股经营现金流": "1.99",
      "归母净利润（亿元）": "20.62",
      "归属母公司股东净利润": "20.62",
      "归母净利润同比": "42.06",
      "归母净利润环比": "16.65",
      "考虑税负因素": "83.89%",
      "考虑利息负担": "100.00%",
      "税负因素": "83.89",
      "利息负担": "100.00",
      "净资产收益率(%)": "35.96",
      "销售净利率(%)": "37.22",
      "总资产周转率(次)": "0.69",
      "总资产收益率(%)": "31.70",
      "毛利率(%)": "82.09",
      "营业利润率(%)": "44.44",
      "归母净利润同比(%)": "42.06",
      "归母净利润环比(%)": "16.65",
      "税负因素(%)": "83.89",
      "利息负担(%)": "100.00",
      "date": "2024-12-31",
      "经营利润率(%)": "44.44"
    },
    {
      "报告期": "2024-06-30",
      "周期类型": "中报",
      "净资产收益率": "19.03",
      "销售净利率": "38.60",
      "归属母公司股东的销售净利率": "38.60",
      "总资产周转率": "0.33",
      "资产周转率(次)": "0.33",
      "权益乘数": "1.30",
      "总资产收益率": "15.42",
      "毛利率": "82.40",
      "营业利润率": "45.47",
      "经营利润率": "45.47%",
      "净利润": "",
      "营业总收入": "2540432000.00",
      "总资产": "7780641000.00",
      "股东权益": "5970132000.00",
      "每股收益": "0.99",
      "每股净资产": "",
      "每股经营现金流": "0.90",
      "归母净利润（亿元）": "9.83",
      "归属母公司股东净利润": "9.83",
      "归母净利润同比": "47.41",
      "归母净利润环比": "21.78",
      "考虑税负因素": "84.88%",
      "考虑利息负担": "100.00%",
      "税负因素": "84.88",
      "利息负担": "100.00",
      "净资产收益率(%)": "19.03",
      "销售净利率(%)": "38.60",
      "总资产周转率(次)": "0.33",
      "总资产收益率(%)": "15.42",
      "毛利率(%)": "82.40",
      "营业利润率(%)": "45.47",
      "归母净利润同比(%)": "47.41",
      "归母净利润环比(%)": "21.78",
      "税负因素(%)": "84.88",
      "利息负担(%)": "100.00",
      "date": "2024-06-30",
      "经营利润率(%)": "45.47"
    },
    {
      "报告期": "2023-12-31",
      "周期类型": "年报",
      "净资产收益率": "40.35",
      "销售净利率": "41.09",
      "归属母公司股东的销售净利率": "41.09",
      "总资产周转率": "0.71",
      "资产周转率(次)": "0.71",
      "权益乘数": "1.14",
      "总资产收益率": "35.80",
      "毛利率": "83.63",
      "营业利润率": "49.52",
      "经营利润率": "49.52%",
      "净利润": "",
      "营业总收入": "3524143000.00",
      "总资产": "4973078000.00",
      "股东权益": "4362140000.00",
      "每股收益": "1.49",
      "每股净资产": "",
      "每股经营现金流": "1.66",
      "归母净利润（亿元）": "14.52",
      "归属母公司股东净利润": "14.52",
      "归母净利润同比": "44.88",
      "归母净利润环比": "17.86",
      "考虑税负因素": "82.99%",
      "考虑利息负担": "100.00%",
      "税负因素": "82.99",
      "利息负担": "100.00",
      "净资产收益率(%)": "40.35",
      "销售净利率(%)": "41.09",
      "总资产周转率(次)": "0.71",
      "总资产收益率(%)": "35.80",
      "毛利率(%)": "83.63",
      "营业利润率(%)": "49.52",
      "归母净利润同比(%)": "44.88",
      "归母净利润环比(%)": "17.86",
      "税负因素(%)": "82.99",
      "利息负担(%)": "100.00",
      "date": "2023-12-31",
      "经营利润率(%)": "49.52"
    },
    {
      "报告期": "2023-06-30",
      "周期类型": "中报",
      "净资产收益率": "21.02",
      "销售净利率": "41.48",
      "归属母公司股东的销售净利率": "41.48",
      "总资产周转率": "0.41",
      "资产周转率(次)": "0.41",
      "权益乘数": "1.10",
      "总资产收益率": "19.01",
      "毛利率": "84.14",
      "营业利润率": "48.31",
      "经营利润率": "48.31%",
      "净利润": "",
      "营业总收入": "1605698000.00",
      "总资产": "3878019000.00",
      "股东权益": "3510843000.00",
      "每股收益": "0.67",
      "每股净资产": "",
      "每股经营现金流": "0.70",
      "归母净利润（亿元）": "6.67",
      "归属母公司股东净利润": "6.67",
      "归母净利润同比": "52.53",
      "归母净利润环比": "22.92",
      "考虑税负因素": "85.87%",
      "考虑利息负担": "100.00%",
      "税负因素": "85.87",
      "利息负担": "100.00",
      "净资产收益率(%)": "21.02",
      "销售净利率(%)": "41.48",
      "总资产周转率(次)": "0.41",
      "总资产收益率(%)": "19.01",
      "毛利率(%)": "84.14",
      "营业利润率(%)": "48.31",
      "归母净利润同比(%)": "52.53",
      "归母净利润环比(%)": "22.92",
      "税负因素(%)": "85.87",
      "利息负担(%)": "100.00",
      "date": "2023-06-30",
      "经营利润率(%)": "48.31"
    },
    {
      "报告期": "2022-12-31",
      "周期类型": "年报",
      "净资产收益率": "52.05",
      "销售净利率": "42.36",
      "归属母公司股东的销售净利率": "42.36",
      "总资产周转率": "0.75",
      "资产周转率(次)": "0.75",
      "权益乘数": "1.11",
      "总资产收益率": "18.19",
      "毛利率": "84.39",
      "营业利润率": "49.81",
      "经营利润率": "49.81%",
      "净利润": "",
      "营业总收入": "2364445000.00",
      "总资产": "3138225000.00",
      "股东权益": "2833472000.00",
      "每股收益": "0.99",
      "每股净资产": "",
      "每股经营现金流": "0.94",
      "归母净利润（亿元）": "10.02",
      "归属母公司股东净利润": "10.02",
      "归母净利润同比": "21.00",
      "归母净利润环比": "21.00",
      "考虑税负因素": "85.04%",
      "考虑利息负担": "100.00%",
      "税负因素": "85.04",
      "利息负担": "100.00",
      "净资产收益率(%)": "52.05",
      "销售净利率(%)": "42.36",
      "总资产周转率(次)": "0.75",
      "总资产收益率(%)": "18.19",
      "毛利率(%)": "84.39",
      "营业利润率(%)": "49.81",
      "归母净利润同比(%)": "21.00",
      "归母净利润环比(%)": "21.00",
      "税负因素(%)": "85.04",
      "利息负担(%)": "100.00",
      "date": "2022-12-31",
      "经营利润率(%)": "49.81"
    },
    {
      "报告期": "2022-06-30",
      "周期类型": "中报",
      "净资产收益率": "",
      "销售净利率": "44.40",
      "归属母公司股东的销售净利率": "44.40",
      "总资产周转率": "",
      "资产周转率(次)": "",
      "权益乘数": "",
      "总资产收益率": "",
      "毛利率": "85.11",
      "营业利润率": "52.10",
      "经营利润率": "52.10%",
      "净利润": "",
      "营业总收入": "984891000.00",
      "总资产": "",
      "股东权益": "",
      "每股收益": "0.45",
      "每股净资产": "",
      "每股经营现金流": "",
      "归母净利润（亿元）": "4.37",
      "归属母公司股东净利润": "4.37",
      "归母净利润同比": "",
      "归母净利润环比": "0.00",
      "考虑税负因素": "85.22%",
      "考虑利息负担": "100.00%",
      "税负因素": "85.22",
      "利息负担": "100.00",
      "净资产收益率(%)": "",
      "销售净利率(%)": "44.40",
      "总资产周转率(次)": "",
      "总资产收益率(%)": "",
      "毛利率(%)": "85.11",
      "营业利润率(%)": "52.10",
      "归母净利润同比(%)": "",
      "归母净利润环比(%)": "0.00",
      "税负因素(%)": "85.22",
      "利息负担(%)": "100.00",
      "date": "2022-06-30",
      "经营利润率(%)": "52.10"
    },
    {
      "报告期": "2021-12-31",
      "周期类型": "年报",
      "净资产收益率": "112.30",
      "销售净利率": "53.34",
      "归属母公司股东的销售净利率": "53.34",
      "总资产周转率": "0.20",
      "资产周转率(次)": "0.20",
      "权益乘数": "7.75",
      "总资产收益率": "15.73",
      "毛利率": "87.24",
      "营业利润率": "62.67",
      "经营利润率": "62.67%",
      "净利润": "",
      "营业总收入": "1552486000.00",
      "总资产": "7878208000.00",
      "股东权益": "1016811000.00",
      "每股收益": "0.83",
      "每股净资产": "",
      "每股经营现金流": "0.69",
      "归母净利润（亿元）": "8.28",
      "归属母公司股东净利润": "8.28",
      "归母净利润同比": "0.20",
      "归母净利润环比": "0.20",
      "考虑税负因素": "85.12%",
      "考虑利息负担": "100.00%",
      "税负因素": "85.12",
      "利息负担": "100.00",
      "净资产收益率(%)": "112.30",
      "销售净利率(%)": "53.34",
      "总资产周转率(次)": "0.20",
      "总资产收益率(%)": "15.73",
      "毛利率(%)": "87.24",
      "营业利润率(%)": "62.67",
      "归母净利润同比(%)": "0.20",
      "归母净利润环比(%)": "0.20",
      "税负因素(%)": "85.12",
      "利息负担(%)": "100.00",
      "date": "2021-12-31",
      "经营利润率(%)": "62.67"
    },
    {
      "报告期": "2020-12-31",
      "周期类型": "年报",
      "净资产收益率": "102.94",
      "销售净利率": "69.42",
      "归属母公司股东的销售净利率": "69.42",
      "总资产周转率": "0.45",
      "资产周转率(次)": "0.45",
      "权益乘数": "5.79",
      "总资产收益率": "37.16",
      "毛利率": "84.59",
      "营业利润率": "81.75",
      "经营利润率": "81.75%",
      "净利润": "",
      "营业总收入": "1190479000.00",
      "总资产": "2651108000.00",
      "股东权益": "458003000.00",
      "每股收益": "0.83",
      "每股净资产": "",
      "每股经营现金流": "",
      "归母净利润（亿元）": "8.26",
      "归属母公司股东净利润": "8.26",
      "归母净利润同比": "49.65",
      "归母净利润环比": "49.65",
      "考虑税负因素": "84.92%",
      "考虑利息负担": "100.00%",
      "税负因素": "84.92",
      "利息负担": "100.00",
      "净资产收益率(%)": "102.94",
      "销售净利率(%)": "69.42",
      "总资产周转率(次)": "0.45",
      "总资产收益率(%)": "37.16",
      "毛利率(%)": "84.59",
      "营业利润率(%)": "81.75",
      "归母净利润同比(%)": "49.65",
      "归母净利润环比(%)": "49.65",
      "税负因素(%)": "84.92",
      "利息负担(%)": "100.00",
      "date": "2020-12-31",
      "经营利润率(%)": "81.75"
    },
    {
      "报告期": "2019-12-31",
      "周期类型": "年报",
      "净资产收益率": "48.12",
      "销售净利率": "60.12",
      "归属母公司股东的销售净利率": "60.12",
      "总资产周转率": "0.53",
      "资产周转率(次)": "0.53",
      "权益乘数": "1.56",
      "总资产收益率": "30.73",
      "毛利率": "83.28",
      "营业利润率": "70.76",
      "经营利润率": "70.76%",
      "净利润": "",
      "营业总收入": "956702000.00",
      "总资产": "1796937000.00",
      "股东权益": "1147698000.00",
      "每股收益": "0.55",
      "每股净资产": "",
      "每股经营现金流": "",
      "归母净利润（亿元）": "5.52",
      "归属母公司股东净利润": "5.52",
      "归母净利润同比": "",
      "归母净利润环比": "",
      "考虑税负因素": "84.96%",
      "考虑利息负担": "100.00%",
      "税负因素": "84.96",
      "利息负担": "100.00",
      "净资产收益率(%)": "48.12",
      "销售净利率(%)": "60.12",
      "总资产周转率(次)": "0.53",
      "总资产收益率(%)": "30.73",
      "毛利率(%)": "83.28",
      "营业利润率(%)": "70.76",
      "归母净利润同比(%)": "",
      "归母净利润环比(%)": "",
      "税负因素(%)": "84.96",
      "利息负担(%)": "100.00",
      "date": "2019-12-31",
      "经营利润率(%)": "70.76"
    }
  ],
  "error": null
}