{
  "stock_id": "09633",
  "full_data": [
    {
      "报告期": "2025-06-30",
      "周期类型": "中报",
      "净资产收益率": "23.95",
      "销售净利率": "29.75",
      "归属母公司股东的销售净利率": "29.75",
      "总资产周转率": "0.40",
      "资产周转率(次)": "0.40",
      "权益乘数": "2.05",
      "总资产收益率": "12.97",
      "毛利率": "60.32",
      "营业利润率": "39.26",
      "经营利润率": "39.26%",
      "净利润": "",
      "营业总收入": "25622201000.00",
      "总资产": "64393869000.00",
      "股东权益": "31370424000.00",
      "每股收益": "0.68",
      "每股净资产": "",
      "每股经营现金流": "0.93",
      "归母净利润（亿元）": "76.22",
      "归属母公司股东净利润": "76.22",
      "归母净利润同比": "22.16",
      "归母净利润环比": "11.40",
      "考虑税负因素": "75.97%",
      "考虑利息负担": "100.00%",
      "税负因素": "75.97",
      "利息负担": "100.00",
      "净资产收益率(%)": "23.95",
      "销售净利率(%)": "29.75",
      "总资产周转率(次)": "0.40",
      "总资产收益率(%)": "12.97",
      "毛利率(%)": "60.32",
      "营业利润率(%)": "39.26",
      "归母净利润同比(%)": "22.16",
      "归母净利润环比(%)": "11.40",
      "税负因素(%)": "75.97",
      "利息负担(%)": "100.00"
    },
    {
      "报告期": "2024-12-31",
      "周期类型": "年报",
      "净资产收益率": "39.84",
      "销售净利率": "28.26",
      "归属母公司股东的销售净利率": "28.26",
      "总资产周转率": "0.81",
      "资产周转率(次)": "0.81",
      "权益乘数": "1.65",
      "总资产收益率": "23.70",
      "毛利率": "58.08",
      "营业利润率": "37.02",
      "经营利润率": "37.02%",
      "净利润": "",
      "营业总收入": "42895992000.00",
      "总资产": "53160312000.00",
      "股东权益": "32287164000.00",
      "每股收益": "1.08",
      "每股净资产": "",
      "每股经营现金流": "0.98",
      "归母净利润（亿元）": "121.23",
      "归属母公司股东净利润": "121.23",
      "归母净利润同比": "0.36",
      "归母净利润环比": "-3.35",
      "考虑税负因素": "76.79%",
      "考虑利息负担": "100.00%",
      "税负因素": "76.79",
      "利息负担": "100.00",
      "净资产收益率(%)": "39.84",
      "销售净利率(%)": "28.26",
      "总资产周转率(次)": "0.81",
      "总资产收益率(%)": "23.70",
      "毛利率(%)": "58.08",
      "营业利润率(%)": "37.02",
      "归母净利润同比(%)": "0.36",
      "归母净利润环比(%)": "-3.35",
      "税负因素(%)": "76.79",
      "利息负担(%)": "100.00"
    },
    {
      "报告期": "2024-06-30",
      "周期类型": "中报",
      "净资产收益率": "22.70",
      "销售净利率": "28.14",
      "归属母公司股东的销售净利率": "28.14",
      "总资产周转率": "0.40",
      "资产周转率(次)": "0.40",
      "权益乘数": "2.12",
      "总资产收益率": "11.86",
      "毛利率": "58.78",
      "营业利润率": "36.90",
      "经营利润率": "36.90%",
      "净利润": "",
      "营业总收入": "22173084000.00",
      "总资产": "56066440000.00",
      "股东权益": "26401483000.00",
      "每股收益": "0.56",
      "每股净资产": "",
      "每股经营现金流": "0.49",
      "归母净利润（亿元）": "62.40",
      "归属母公司股东净利润": "62.40",
      "归母净利润同比": "8.04",
      "归母净利润环比": "3.84",
      "考虑税负因素": "76.63%",
      "考虑利息负担": "100.00%",
      "税负因素": "76.63",
      "利息负担": "100.00",
      "净资产收益率(%)": "22.70",
      "销售净利率(%)": "28.14",
      "总资产周转率(次)": "0.40",
      "总资产收益率(%)": "11.86",
      "毛利率(%)": "58.78",
      "营业利润率(%)": "36.90",
      "归母净利润同比(%)": "8.04",
      "归母净利润环比(%)": "3.84",
      "税负因素(%)": "76.63",
      "利息负担(%)": "100.00"
    },
    {
      "报告期": "2023-12-31",
      "周期类型": "年报",
      "净资产收益率": "45.88",
      "销售净利率": "28.31",
      "归属母公司股东的销售净利率": "28.31",
      "总资产周转率": "0.87",
      "资产周转率(次)": "0.87",
      "权益乘数": "1.72",
      "总资产收益率": "27.33",
      "毛利率": "59.55",
      "营业利润率": "37.00",
      "经营利润率": "37.00%",
      "净利润": "",
      "营业总收入": "42667221000.00",
      "总资产": "49137130000.00",
      "股东权益": "28570905000.00",
      "每股收益": "1.07",
      "每股净资产": "",
      "每股经营现金流": "1.54",
      "归母净利润（亿元）": "120.79",
      "归属母公司股东净利润": "120.79",
      "归母净利润同比": "42.19",
      "归母净利润环比": "25.02",
      "考虑税负因素": "77.00%",
      "考虑利息负担": "100.00%",
      "税负因素": "77.00",
      "利息负担": "100.00",
      "净资产收益率(%)": "45.88",
      "销售净利率(%)": "28.31",
      "总资产周转率(次)": "0.87",
      "总资产收益率(%)": "27.33",
      "毛利率(%)": "59.55",
      "营业利润率(%)": "37.00",
      "归母净利润同比(%)": "42.19",
      "归母净利润环比(%)": "25.02",
      "税负因素(%)": "77.00",
      "利息负担(%)": "100.00"
    },
    {
      "报告期": "2023-06-30",
      "周期类型": "中报",
      "净资产收益率": "24.93",
      "销售净利率": "28.22",
      "归属母公司股东的销售净利率": "28.22",
      "总资产周转率": "0.42",
      "资产周转率(次)": "0.42",
      "权益乘数": "2.21",
      "总资产收益率": "13.07",
      "毛利率": "60.16",
      "营业利润率": "36.92",
      "经营利润率": "36.92%",
      "净利润": "",
      "营业总收入": "20462425000.00",
      "总资产": "49099787000.00",
      "股东权益": "22257286000.00",
      "每股收益": "0.51",
      "每股净资产": "",
      "每股经营现金流": "0.71",
      "归母净利润（亿元）": "57.75",
      "归属母公司股东净利润": "57.75",
      "归母净利润同比": "25.33",
      "归母净利润环比": "13.74",
      "考虑税负因素": "76.76%",
      "考虑利息负担": "100.00%",
      "税负因素": "76.76",
      "利息负担": "100.00",
      "净资产收益率(%)": "24.93",
      "销售净利率(%)": "28.22",
      "总资产周转率(次)": "0.42",
      "总资产收益率(%)": "13.07",
      "毛利率(%)": "60.16",
      "营业利润率(%)": "36.92",
      "归母净利润同比(%)": "25.33",
      "归母净利润环比(%)": "13.74",
      "税负因素(%)": "76.76",
      "利息负担(%)": "100.00"
    },
    {
      "报告期": "2022-12-31",
      "周期类型": "年报",
      "净资产收益率": "37.90",
      "销售净利率": "25.56",
      "归属母公司股东的销售净利率": "25.56",
      "总资产周转率": "0.85",
      "资产周转率(次)": "0.85",
      "权益乘数": "1.63",
      "总资产收益率": "23.55",
      "毛利率": "57.45",
      "营业利润率": "33.47",
      "经营利润率": "33.47%",
      "净利润": "",
      "营业总收入": "33239187000.00",
      "总资产": "39254841000.00",
      "股东权益": "24084076000.00",
      "每股收益": "0.76",
      "每股净资产": "",
      "每股经营现金流": "1.07",
      "归母净利润（亿元）": "84.95",
      "归属母公司股东净利润": "84.95",
      "归母净利润同比": "18.62",
      "归母净利润环比": "9.51",
      "考虑税负因素": "76.88%",
      "考虑利息负担": "100.00%",
      "税负因素": "76.88",
      "利息负担": "100.00",
      "净资产收益率(%)": "37.90",
      "销售净利率(%)": "25.56",
      "总资产周转率(次)": "0.85",
      "总资产收益率(%)": "23.55",
      "毛利率(%)": "57.45",
      "营业利润率(%)": "33.47",
      "归母净利润同比(%)": "18.62",
      "归母净利润环比(%)": "9.51",
      "税负因素(%)": "76.88",
      "利息负担(%)": "100.00"
    },
    {
      "报告期": "2022-06-30",
      "周期类型": "中报",
      "净资产收益率": "22.53",
      "销售净利率": "27.76",
      "归属母公司股东的销售净利率": "27.76",
      "总资产周转率": "0.43",
      "资产周转率(次)": "0.43",
      "权益乘数": "1.91",
      "总资产收益率": "12.91",
      "毛利率": "59.27",
      "营业利润率": "36.70",
      "经营利润率": "36.70%",
      "净利润": "",
      "营业总收入": "16598761000.00",
      "总资产": "38506560000.00",
      "股东权益": "20166035000.00",
      "每股收益": "0.41",
      "每股净资产": "",
      "每股经营现金流": "0.53",
      "归母净利润（亿元）": "46.08",
      "归属母公司股东净利润": "46.08",
      "归母净利润同比": "14.84",
      "归母净利润环比": "8.31",
      "考虑税负因素": "75.93%",
      "考虑利息负担": "100.00%",
      "税负因素": "75.93",
      "利息负担": "100.00",
      "净资产收益率(%)": "22.53",
      "销售净利率(%)": "27.76",
      "总资产周转率(次)": "0.43",
      "总资产收益率(%)": "12.91",
      "毛利率(%)": "59.27",
      "营业利润率(%)": "36.70",
      "归母净利润同比(%)": "14.84",
      "归母净利润环比(%)": "8.31",
      "税负因素(%)": "75.93",
      "利息负担(%)": "100.00"
    },
    {
      "报告期": "2021-12-31",
      "周期类型": "年报",
      "净资产收益率": "39.53",
      "销售净利率": "24.12",
      "归属母公司股东的销售净利率": "24.12",
      "总资产周转率": "0.90",
      "资产周转率(次)": "0.90",
      "权益乘数": "1.59",
      "总资产收益率": "24.38",
      "毛利率": "59.46",
      "营业利润率": "31.68",
      "经营利润率": "31.68%",
      "净利润": "",
      "营业总收入": "29696406000.00",
      "总资产": "32896096000.00",
      "股东权益": "20741634000.00",
      "每股收益": "0.64",
      "每股净资产": "",
      "每股经营现金流": "1.01",
      "归母净利润（亿元）": "71.62",
      "归属母公司股东净利润": "71.62",
      "归母净利润同比": "35.71",
      "归母净利润环比": "11.45",
      "考虑税负因素": "76.56%",
      "考虑利息负担": "100.00%",
      "税负因素": "76.56",
      "利息负担": "100.00",
      "净资产收益率(%)": "39.53",
      "销售净利率(%)": "24.12",
      "总资产周转率(次)": "0.90",
      "总资产收益率(%)": "24.38",
      "毛利率(%)": "59.46",
      "营业利润率(%)": "31.68",
      "归母净利润同比(%)": "35.71",
      "归母净利润环比(%)": "11.45",
      "税负因素(%)": "76.56",
      "利息负担(%)": "100.00"
    },
    {
      "报告期": "2021-06-30",
      "周期类型": "中报",
      "净资产收益率": "24.26",
      "销售净利率": "26.44",
      "归属母公司股东的销售净利率": "26.44",
      "总资产周转率": "0.50",
      "资产周转率(次)": "0.50",
      "权益乘数": "1.72",
      "总资产收益率": "14.28",
      "毛利率": "60.90",
      "营业利润率": "35.26",
      "经营利润率": "35.26%",
      "净利润": "",
      "营业总收入": "15174757000.00",
      "总资产": "30326874000.00",
      "股东权益": "17593085000.00",
      "每股收益": "0.36",
      "每股净资产": "",
      "每股经营现金流": "0.59",
      "归母净利润（亿元）": "40.13",
      "归属母公司股东净利润": "40.13",
      "归母净利润同比": "40.09",
      "归母净利润环比": "21.76",
      "考虑税负因素": "75.33%",
      "考虑利息负担": "100.00%",
      "税负因素": "75.33",
      "利息负担": "100.00",
      "净资产收益率(%)": "24.26",
      "销售净利率(%)": "26.44",
      "总资产周转率(次)": "0.50",
      "总资产收益率(%)": "14.28",
      "毛利率(%)": "60.90",
      "营业利润率(%)": "35.26",
      "归母净利润同比(%)": "40.09",
      "归母净利润环比(%)": "21.76",
      "税负因素(%)": "75.33",
      "利息负担(%)": "100.00"
    },
    {
      "报告期": "2020-12-31",
      "周期类型": "年报",
      "净资产收益率": "41.60",
      "销售净利率": "23.07",
      "归属母公司股东的销售净利率": "23.07",
      "总资产周转率": "0.88",
      "资产周转率(次)": "0.88",
      "权益乘数": "1.67",
      "总资产收益率": "24.18",
      "毛利率": "59.05",
      "营业利润率": "59.05",
      "经营利润率": "59.05%",
      "净利润": "",
      "营业总收入": "22877297000.00",
      "总资产": "25859412000.00",
      "股东权益": "15492282000.00",
      "每股收益": "0.48",
      "每股净资产": "",
      "每股经营现金流": "0.75",
      "归母净利润（亿元）": "52.77",
      "归属母公司股东净利润": "52.77",
      "归母净利润同比": "6.65",
      "归母净利润环比": "6.91",
      "考虑税负因素": "75.54%",
      "考虑利息负担": "100.00%",
      "税负因素": "75.54",
      "利息负担": "100.00",
      "净资产收益率(%)": "41.60",
      "销售净利率(%)": "23.07",
      "总资产周转率(次)": "0.88",
      "总资产收益率(%)": "24.18",
      "毛利率(%)": "59.05",
      "营业利润率(%)": "59.05",
      "归母净利润同比(%)": "6.65",
      "归母净利润环比(%)": "6.91",
      "税负因素(%)": "75.54",
      "利息负担(%)": "100.00"
    },
    {
      "报告期": "2020-06-30",
      "周期类型": "中报",
      "净资产收益率": "25.52",
      "销售净利率": "24.81",
      "归属母公司股东的销售净利率": "24.81",
      "总资产周转率": "0.51",
      "资产周转率(次)": "0.51",
      "权益乘数": "1.81",
      "总资产收益率": "14.14",
      "毛利率": "59.86",
      "营业利润率": "33.13",
      "经营利润率": "33.13%",
      "净利润": "",
      "营业总收入": "11544593000.00",
      "总资产": "22718193000.00",
      "股东权益": "12566792000.00",
      "每股收益": "0.27",
      "每股净资产": "",
      "每股经营现金流": "0.42",
      "归母净利润（亿元）": "28.64",
      "归属母公司股东净利润": "28.64",
      "归母净利润同比": "-0.43",
      "归母净利润环比": "-0.25",
      "考虑税负因素": "75.47%",
      "考虑利息负担": "100.00%",
      "税负因素": "75.47",
      "利息负担": "100.00",
      "净资产收益率(%)": "25.52",
      "销售净利率(%)": "24.81",
      "总资产周转率(次)": "0.51",
      "总资产收益率(%)": "14.14",
      "毛利率(%)": "59.86",
      "营业利润率(%)": "33.13",
      "归母净利润同比(%)": "-0.43",
      "归母净利润环比(%)": "-0.25",
      "税负因素(%)": "75.47",
      "利息负担(%)": "100.00"
    },
    {
      "报告期": "2019-12-31",
      "周期类型": "年报",
      "净资产收益率": "40.81",
      "销售净利率": "20.62",
      "归属母公司股东的销售净利率": "20.62",
      "总资产周转率": "1.35",
      "资产周转率(次)": "1.35",
      "权益乘数": "1.80",
      "总资产收益率": "25.54",
      "毛利率": "55.41",
      "营业利润率": "27.12",
      "经营利润率": "27.12%",
      "净利润": "",
      "营业总收入": "24021041000.00",
      "总资产": "17796471000.00",
      "股东权益": "9881868000.00",
      "每股收益": "0.46",
      "每股净资产": "",
      "每股经营现金流": "2.08",
      "归母净利润（亿元）": "49.49",
      "归属母公司股东净利润": "49.49",
      "归母净利润同比": "37.23",
      "归母净利润环比": "37.23",
      "考虑税负因素": "76.23%",
      "考虑利息负担": "100.00%",
      "税负因素": "76.23",
      "利息负担": "100.00",
      "净资产收益率(%)": "40.81",
      "销售净利率(%)": "20.62",
      "总资产周转率(次)": "1.35",
      "总资产收益率(%)": "25.54",
      "毛利率(%)": "55.41",
      "营业利润率(%)": "27.12",
      "归母净利润同比(%)": "37.23",
      "归母净利润环比(%)": "37.23",
      "税负因素(%)": "76.23",
      "利息负担(%)": "100.00"
    },
    {
      "报告期": "2019-06-30",
      "周期类型": "中报",
      "净资产收益率": "",
      "销售净利率": "23.42",
      "归属母公司股东的销售净利率": "23.42",
      "总资产周转率": "",
      "资产周转率(次)": "",
      "权益乘数": "",
      "总资产收益率": "",
      "毛利率": "56.11",
      "营业利润率": "30.73",
      "经营利润率": "30.73%",
      "净利润": "",
      "营业总收入": "12309589000.00",
      "总资产": "",
      "股东权益": "",
      "每股收益": "0.27",
      "每股净资产": "",
      "每股经营现金流": "",
      "归母净利润（亿元）": "28.77",
      "归属母公司股东净利润": "28.77",
      "归母净利润同比": "",
      "归母净利润环比": "0.00",
      "考虑税负因素": "76.23%",
      "考虑利息负担": "100.00%",
      "税负因素": "76.23",
      "利息负担": "100.00",
      "净资产收益率(%)": "",
      "销售净利率(%)": "23.42",
      "总资产周转率(次)": "",
      "总资产收益率(%)": "",
      "毛利率(%)": "56.11",
      "营业利润率(%)": "30.73",
      "归母净利润同比(%)": "",
      "归母净利润环比(%)": "0.00",
      "税负因素(%)": "76.23",
      "利息负担(%)": "100.00"
    },
    {
      "报告期": "2018-12-31",
      "周期类型": "年报",
      "净资产收益率": "28.28",
      "销售净利率": "17.64",
      "归属母公司股东的销售净利率": "17.64",
      "总资产周转率": "0.98",
      "资产周转率(次)": "0.98",
      "权益乘数": "1.45",
      "总资产收益率": "19.20",
      "毛利率": "53.34",
      "营业利润率": "53.34",
      "经营利润率": "53.34%",
      "净利润": "",
      "营业总收入": "20475045000.00",
      "总资产": "20949998000.00",
      "股东权益": "14371546000.00",
      "每股收益": "0.33",
      "每股净资产": "",
      "每股经营现金流": "1.29",
      "归母净利润（亿元）": "36.06",
      "归属母公司股东净利润": "36.06",
      "归母净利润同比": "6.68",
      "归母净利润环比": "6.68",
      "考虑税负因素": "75.82%",
      "考虑利息负担": "100.00%",
      "税负因素": "75.82",
      "利息负担": "100.00",
      "净资产收益率(%)": "28.28",
      "销售净利率(%)": "17.64",
      "总资产周转率(次)": "0.98",
      "总资产收益率(%)": "19.20",
      "毛利率(%)": "53.34",
      "营业利润率(%)": "53.34",
      "归母净利润同比(%)": "6.68",
      "归母净利润环比(%)": "6.68",
      "税负因素(%)": "75.82",
      "利息负担(%)": "100.00"
    },
    {
      "报告期": "2017-12-31",
      "周期类型": "年报",
      "净资产收益率": "30.38",
      "销售净利率": "19.36",
      "归属母公司股东的销售净利率": "19.36",
      "总资产周转率": "1.05",
      "资产周转率(次)": "1.05",
      "权益乘数": "1.49",
      "总资产收益率": "20.34",
      "毛利率": "56.08",
      "营业利润率": "56.08",
      "经营利润率": "56.08%",
      "净利润": "",
      "营业总收入": "17491214000.00",
      "总资产": "16622593000.00",
      "股东权益": "11127435000.00",
      "每股收益": "0.31",
      "每股净资产": "",
      "每股经营现金流": "1.30",
      "归母净利润（亿元）": "33.80",
      "归属母公司股东净利润": "33.80",
      "归母净利润同比": "",
      "归母净利润环比": "",
      "考虑税负因素": "76.35%",
      "考虑利息负担": "100.00%",
      "税负因素": "76.35",
      "利息负担": "100.00",
      "净资产收益率(%)": "30.38",
      "销售净利率(%)": "19.36",
      "总资产周转率(次)": "1.05",
      "总资产收益率(%)": "20.34",
      "毛利率(%)": "56.08",
      "营业利润率(%)": "56.08",
      "归母净利润同比(%)": "",
      "归母净利润环比(%)": "",
      "税负因素(%)": "76.35",
      "利息负担(%)": "100.00"
    }
  ],
  "error": null
}